@inproceedings{michigan,
 author = {Wu, Jian and Zhang, Ying and Mao, Z. Morley and Shin, Kang G.},
 title = {{I}nternet routing resilience to failures: analysis and implications},
 booktitle = {CoNEXT},
 year = {2007},
}

@article{walter,
 author = {Oliveira, Ricardo and Pei, Dan and Willinger, Walter and Zhang, Beichuan and Zhang, Lixia},
 title = {The (in)completeness of the observed {I}nternet {AS}-level structure},
 journal = {IEEE/ACM {ToN}},
 month = {February},
 year = {2010},
} 

@inproceedings{ixps-mapped,
 author = {Augustin, Brice and Krishnamurthy, Balachander and Willinger, Walter},
 title = {{IXP}s: mapped?},
 booktitle = {IMC},
 year = {2009},
}

@inproceedings{iplane,
 author = {Madhyastha, Harsha V. and Isdal, Tomas and Piatek, Michael and Dixon, Colin and Anderson, Thomas and Krishnamurthy, Arvind and Venkataramani, Arun},
 title = {{iPlane}: an information plane for distributed services},
 booktitle = {OSDI},
 year = {2006},
}

@misc{patriotact,
    title = {{USA} {P}atriot {A}ct},
    howpublished = {H.R. 3162, Public Law 107-56}
}  

@inproceedings{ixp-routingdiversity,
 author = {Hu, Chengchen and Chen, Kai and Chen, Yan and Liu, Bin},
 title = {Evaluating potential routing diversity for {I}nternet failure recovery},
 booktitle = {INFOCOM},
 year = {2010},
} 

@misc{cyberspacepolicy,
 title = {{USA} {W}hite {H}ouse {C}yberspace Policy Review},
 howpublished = {\url{http://www.whitehouse.gov/assets/documents/Cyberspace_Policy_Review_final.pdf}},
 year = {2009}
}

@article{taiwan,
    title = {Experience with Restoration of Asia Pacific Network Failures from Taiwan Earthquake},
    author = {Kitamura, Yasuichi and Lee, Youngseok and Sakiyama, Ryo and Okamura, Koji},
    journal = {IEICE ToC},
    month = {November},
    year = {2007}
}

@inproceedings{measuringresilience,
    author = {Mayada Omer and Roshanak Nilchiani and Ali Mostashari},
    title = {Measuring the resilience of the global {I}nternet infrastructure system},
    booktitle = {IEEE International Systems Conference},
    year = 2009
}
