@inproceedings{revtr,
        author = {Ethan Katz-Bassett and Harsha V. Madhyastha and Vijay Adhikari and Colin Scott and Justine Sherry and Peter van Wesep and Thomas Anderson and Arvind Krishnamurthy},
        title = {Reverse traceroute},
        booktitle = {NSDI},
        year = 2010
}

@article{impasse,
 author = {Anderson, Thomas and Peterson, Larry and Shenker, Scott and Turner, Jonathan},
 title = {Overcoming the Internet Impasse through Virtualization},
 journal = {Computer},
 month = {April},
 year = {2005},
} 

@article{capabilities,
 author = {Yang, Xiaowei and Wetherall, David and Anderson, Thomas},
 title = {{TVA}: a {DoS}-limiting network architecture},
 journal = {ToN},
 month = {December},
 year = {2008},
} 

@inproceedings{handley-defoff,
 author = {Handley, Mark and Greenhalgh, Adam},
 title = {Steps towards a {DoS}-resistant {I}nternet architecture},
 series = {FDNA},
 year = {2004},
} 

@inproceedings{lfn,
 author = {Balakrishnan, Hari and Lakshminarayanan, Karthik and Ratnasamy, Sylvia and Shenker, Scott and Stoica, Ion and Walfish, Michael},
 title = {A layered naming architecture for the internet},
 booktitle = {SIGCOMM}, 
 year = {2004},
} 

@MISC{ciscofirewall,
        author={CISCO},
        title = {{Cisco} {IOS} Firewall},   
        howpublished = {\url{http://www.cisco.com/en/US/prod/collateral/vpndevc/ps6525/ps6538/ps6540/prod_brochure0900aecd806444b4.pdf}}
}

@MISC{attddos,
        author = {AT\&T},
        title = {{DDoS} {D}efense},
        howpublished = {\url{http://www.business.att.com/enterprise/Service/business-continuity-enterprise/threat-management-enterprise/ddos-defense-enterprise/}}
}

@INPROCEEDINGS{ants,
	author = {David J. Wetherall and John V. Guttag and David L. Tennenhouse},
    	title = {{ANTS}: A Toolkit for Building and Dynamically Deploying Network Protocols},
	booktitle = {OPENARCH}, 
    	year = {1998}
}

@INPROCEEDINGS{consensusrouting,
	author = {John P. John and Ethan Katz-Bassett and Arvind Krishnamurthy and Thomas Anderson},
    	title = {Consensus Routing: The {I}nternet as a Distributed System},
	booktitle = {NSDI}, 
    	year = {2008}
}

@article{tussle,
 author = {Clark, David D. and Wroclawski, John and Sollins, Karen R. and Braden, Robert},
 title = {Tussle in cyberspace: defining tomorrow's {I}nternet},
 journal = {IEEE/ACM ToN},
 volume = {13},
 issue = {3},
 month = {June},
 year = {2005},
 pages = {462--475},
} 

@MISC{facebookapi,
    author = {Facebook},
    title = {Facebook API},
    howpublished = {\url{http://developers.facebook.com/}}
}

@INPROCEEDINGS{rbgp,
    author = {Nate Kushman and Srikanth Kandula and Dina Katabi and Bruce M. Maggs},
    title = {R-BGP: Staying Connected in a Connected World},
    booktitle = {NSDI}, 
    year = {2007}
}

@INPROCEEDINGS{jrexpopularpaths,
    author = {Jennifer Rexford and Jia Wang and Zhen Xiao and Yin Zhang},
    title = {{BGP} Routing Stability of Popular Destinations},
    booktitle = {{IMW}},
    year = {2002}
}

@INPROCEEDINGS{bro,
    author = {Vern Paxson},
    title = {Bro: A System for Detecting Network Intruders in Real-Time},
    booktitle = {Computer Networks},
    year = {1999},
    pages = {2435--2463}
}

@INPROCEEDINGS{activenets,
	author = {David Wetherall and Ulana Legedza and John Guttag},
	title = {Introducing New {I}nternet Services: Why and How},
	booktitle = {in IEEE Network},
	year = {May/June 1998}
} 

@INPROCEEDINGS{doa,
    author = {Michael Walfish and Jeremy Stribling and Maxwell Krohn and Hari Balakrishnan and Robert Morris and Scott Shenker},
    title = {Middleboxes no longer considered harmful},
    booktitle = {OSDI}, 
    year = {2004},
}


@article{nox,
 author = {Gude, Natasha and Koponen, Teemu and Pettit, Justin and Pfaff, Ben and Casado, Mart\'{\i}n and McKeown, Nick and Shenker, Scott},
 title = {{N}{O}{X}: towards an operating system for networks},
 journal = {CCR},
 year = {2008},
}

@article{pushback,
author = {Ratul Mahajan and Steven M. Bellovin and Sally Floyd and John Ioannidis and Vern Paxson and Scott Shenker},
title = {Controlling High Bandwidth Aggregates in the Network},
journal = {CCR},
year = {2001},
}

@INPROCEEDINGS{rb,
    author = {Mihai Dobrescu and Norbert Egi and Katerina Argyraki and Byung-gon Chun and Kevin Fall and Gianluca Iannaccone and Allan Knies and Maziar Manesh and Sylvia Ratnasamy},
    title = {RouteBricks: Exploiting Parallelism to Scale Software Routers},
      booktitle = {SOSP}, 
    year = {2009}
}

@INPROCEEDINGS{ethane,
    author = {Mart\'{i}n Casado and Michael J. Freedman and Justin Pettit and Jianying Luo and Nick Mckeown and Scott Shenker},
    title = {ETHANE: Taking Control of the Enterprise},
    booktitle = {CCR},
    year = {2007}
}

@INPROCEEDINGS{rbf,
    	author = {Lucian Popa and Norbert Egi and Ion Stoica and Sylvia Ratnasamy},
	title = {Building Extensible Networks with Rule-based Forwarding ({RBF})},
    booktitle = {OSDI},    
year = {2010},
}

@INPROCEEDINGS{typednetworks,
	author = {Chitra Muthukrishnan and Vern Paxson and Mark Allman and Aditya Akella},
	title = {Using Strongly Typed Networking to Architect for Tussle},
booktitle = {HotNets},
year = {2010}
}

@inproceedings{miro,
 author = {Xu, Wen and Rexford, Jennifer},
 title = {{MIRO}: multi-path interdomain routing},
 booktitle = {SIGCOMM},
 year = {2006},
}


@INPROCEEDINGS{snort,
    author = {Martin Roesch},
    title = {Snort - Lightweight Intrusion Detection for Networks},
    booktitle = {LISA},
    year = {1999},
}

@MISC{natpmp,
    author = {Stuart Cheshire and Marc Krochmal and Kiren Sekar},
    title = "{NAT} Port Mapping Protocol ({NAT-PMP})",
    howpublished = {{IETF} Draft (expired)},
    month = "April",
    year = 2008,
}

@MISC{rfcnat,
    author = {P. Srisuresh and K. Egevang},
    title = "{RFC} 3022: {T}raditional {IP} {N}etwork {A}ddress {T}ranslator (Traditional {NAT})",
    month = "January",
    year = "2001"
}

@MISC{mboxtaxonomy,
    author = {B. Carpenter and S. Brim},
    title = "{RFC} 3234: {M}iddleboxes: {T}axonomy and {I}ssues",
    month = "February",
    year = "2002"
}



@MISC{midcom,
    author = {M. Stiemerling and J. Quittek and T. Taylor},
    title = "{RFC 5189}: Middlebox Communication ({MIDCOM}) Protocol Semantics",
    month = "March",
    year = 2008
}

@MISC{ingressfilter,
    author = {P. Ferguson and  D. Senie},
    title = {{RFC 2267}: Network Ingress Filtering: Defeating Denial of Service Attacks which employ {IP} Source Address Spoofing},
    month = "January",
    year = 1998
}

@INPROCEEDINGS{siff,
    author = {Abraham Yaar and Adrian Perrig and Dawn Song},
    title = {{SIFF}: A Stateless {Internet} Flow Filter to Mitigate {DDoS} Flooding Attacks},

    booktitle = {In {IEEE} Symposium on Security and Privacy},
    year = {2004},

}

@ARTICLE{sbgp,
    author = {Stephen Kent and Charles Lynn and Joanne Mikkelson and Karen Seo},
    title = {Secure Border Gateway Protocol ({S-BGP})},
    journal = {IEEE Journal on Selected Areas in Communications},
    year = {2000},
}

@MISC{sobgp,
    author = {R. White},
    title = {Architecture and Deployment Considerations for Secure Origin {BGP} ({soBGP})},
    year = 2006,
    howpublished = {\url{http://tools.ietf.org/html/draft-white-sobgp-architecture-02}, {IETF Draft} (expired)}
}

@MISC{routeviews,
    title = {University of {Oregon} {RouteViews} {Project}},
    howpublished = {\url{http://www.routeviews.org}}
}

@MISC{caida_asgraph,
    title = {{CAIDA} {AS} Relationships},
    howpublished = {\url{http://www.caida.org/data/active/as-relationships/}}
}

@inproceedings{aip,
   author = {David G. Andersen and Hari Balakrishnan and Nick Feamster and
    Teemu Koponen and Daekyeong Moon and Scott Shenker},
   title = {{Accountable {I}nternet Protocol ({AIP})}},
   booktitle = {{SIGCOMM}},
   year = {2008}
}

@inproceedings{passport,
  author = {Xin Liu and Ang Li and Xiaowei Yang and David Wetherall},
  title = {Passport: Secure and Adoptable Source Authentication},
  booktitle = {NSDI}, 
  year = 2008
}

@MISC{squidtrans,
    author = {Visolve},
    title = {Transparent Caching using {Squid}},
    howpublished = {\url{http://www.visolve.com/squid/whitepapers/trans_caching.pdf}},
    year = 2006
}

@MISC{encryption,
    title = {Astaro: Security Gateway},
    howpublished = {\url{http://www.astaro.com}}
}

@MISC{logging,
    title = {{Narus: Real Time Traffic Intelligence}},
    howpublished = {\url{http://www.narus.com}} 
}

@MISC{accelleration,
    title = {{Riverbed: Application Acceleration}},
    howpublished = {\url{http://www.riverbed.com}}
}

@MISC{ids,
    title = {{Sourcefire: Network Security}},
    howpublished = {\url{http://www.sourcefire.com}}
}

@MISC{dlp,
    title = {{Symantec: Data Loss Protection}},
    howpublished = {\url{http://www.vontu.com}}
}

@MISC{rfccache,
    author = {D. Wessels and K. Claffy},
    title = {{RFC} 2186: {Internet} Cache Protocol ({ICP}), version 2},
    month = "September",
    year = 1997
}

@article{openflow,
 author = {McKeown, Nick and Anderson, Tom and Balakrishnan, Hari and Parulkar, Guru and Peterson, Larry and Rexford, Jennifer and Shenker, Scott and Turner, Jonathan},
 title = {OpenFlow: enabling innovation in campus networks},
 journal = {CCR},
 month = {March},
 year = {2008},
}

@inproceedings{morleyastraceroute,
 author = {Mao, Zhuoqing Morley and Rexford, Jennifer and Wang, Jia and Katz, Randy H.},
 title = {Towards an accurate {AS}-level traceroute tool},
 booktitle = {{SIGCOMM}},
 year = {2003},
} 

@inproceedings{switchblade,
    author = {Muhammad Bilal Anwer and Murtaza Motiwala and Mukarram bin Tariq and Nick Feamster},
    title = {SwitchBlade: A Platform for Rapid Deployment of Network Protocols on Programmable Hardware},
    booktitle = {{SIGCOMM}},
    year = {2010}
} 

@inproceedings{serverswitch,
    title = {ServerSwitch: A Programmable and High Performance Platform for Data Center Networks},
    author = {Guohan Lu and Chuanxiong Guo and Yulong Li and Zhiqiang Zhou and Haitao Wu and Yongqiang Xiong and Tong Yuan and Rui Gao and Yongguang Zhang},
    booktitle = {NSDI}, 
    year = {2011}
}

@inproceedings{packetshader,
 title = {PacketShader: A {GPU}-Accelerated Software Router},
 author = {Sangjin Han and Keon Jang and KyoungSoo Park and Sue Moon},
 booktitle = {{SIGCOMM}},
 year = {2010}
}
